<?xml version="1.0" encoding="UTF-8"?><record xmlns="http://www.loc.gov/MARC21/slim" xmlns:cinclude="http://apache.org/cocoon/include/1.0" xmlns:zs="http://www.loc.gov/zing/srw/">
  <leader>01613cz  a2200205n  4500</leader>
  <controlfield tag="001">no2013122419</controlfield>
  <controlfield tag="003">DLC</controlfield>
  <controlfield tag="005">20140205073830.0</controlfield>
  <controlfield tag="008">131104n| azannaabn          |a ana     c</controlfield>
  <datafield tag="010" ind1=" " ind2=" ">
    <subfield code="a">no2013122419</subfield>
  </datafield>
  <datafield tag="035" ind1=" " ind2=" ">
    <subfield code="a">(OCoLC)oca09606437</subfield>
  </datafield>
  <datafield tag="040" ind1=" " ind2=" ">
    <subfield code="a">FU</subfield>
    <subfield code="b">eng</subfield>
    <subfield code="e">rda</subfield>
    <subfield code="c">FU</subfield>
    <subfield code="d">FU</subfield>
  </datafield>
  <datafield tag="110" ind1="2" ind2=" ">
    <subfield code="a">International Crops Research Institute for the Semi-Arid Tropics.</subfield>
    <subfield code="b">Research Program - Markets, Institutions and Policies</subfield>
  </datafield>
  <datafield tag="410" ind1="2" ind2=" ">
    <subfield code="a">International Crops Research Institute for the Semi-Arid Tropics.</subfield>
    <subfield code="b">RP - Markets, Institutions and Policies</subfield>
  </datafield>
  <datafield tag="410" ind1="2" ind2=" ">
    <subfield code="a">International Crops Research Institute for the Semi-Arid Tropics.</subfield>
    <subfield code="b">Institutions, Markets, Policy and Impacts</subfield>
  </datafield>
  <datafield tag="510" ind1="2" ind2=" ">
    <subfield code="w">r</subfield>
    <subfield code="i">Predecessor:</subfield>
    <subfield code="a">International Crops Research Institute for the Semi-Arid Tropics.</subfield>
    <subfield code="b">Socioeconomics and Policy Program</subfield>
  </datafield>
  <datafield tag="670" ind1=" " ind2=" ">
    <subfield code="a">Prospects for Kharif (rainy season) and summer pearl millet in western India, 2013:</subfield>
    <subfield code="b">title page (RP - Markets, Institutions and Policies)</subfield>
  </datafield>
  <datafield tag="670" ind1=" " ind2=" ">
    <subfield code="a">Email from ICRISAT, October 22, 2013</subfield>
    <subfield code="b">(... Socioeconomics and Policy Program and of the RP- Markets, Institutions and Policies are from one and the same program that changed its name to the current "Research Program - Markets, Institutions and Policies")</subfield>
  </datafield>
  <datafield tag="670" ind1=" " ind2=" ">
    <subfield code="a">Rohrbach, David Deems. Commercialization of sorghum milling in Botswana, 2000:</subfield>
    <subfield code="b">cover (Socioeconomics and Policy Program, International Crops Research Institute for the Semi-arid Tropics)</subfield>
  </datafield>
  <datafield tag="670" ind1=" " ind2=" ">
    <subfield code="a">Uptake of soil and water conservation technologies in West Africa, 2008:</subfield>
    <subfield code="b">cover (International Crops Research Institute for the Semi-Arid Tropics, ICRISAT; Institutions, Markets, Policy and Impacts)</subfield>
  </datafield>
</record>